<?xml version="1.0" encoding="UTF-8"?><collection xmlns="http://www.loc.gov/MARC21/slim"><record><leader>00606nam--2200181-i-4500</leader><controlfield tag="001">000009788</controlfield><controlfield tag="002">20161230</controlfield><controlfield tag="005">20161230201028</controlfield><controlfield tag="008">060222s1000------------r-----000-0-eng-d</controlfield><datafield ind1=" " ind2=" " tag="040"><subfield code="a">IFIN-HH</subfield></datafield><datafield ind1=" " ind2=" " tag="080"><subfield code="a">666.76:669.017.11</subfield></datafield><datafield ind1="1" ind2=" " tag="100"><subfield code="a">Alper, Allen M</subfield></datafield><datafield ind1="1" ind2="0" tag="245"><subfield code="a">Phase diagrams. materials science and technology</subfield><subfield code="b">Vol. i theory, principles and techniques of phase diagrams</subfield><subfield code="c">Allen m. alper (ed.)</subfield></datafield><datafield ind1=" " ind2=" " tag="260"><subfield code="a">New York</subfield><subfield code="b">Academic Press</subfield><subfield code="c">1970</subfield></datafield><datafield ind1=" " ind2=" " tag="300"><subfield code="a">XVIII+358 P.(1)</subfield></datafield><datafield ind1=" " ind2=" " tag="490"><subfield code="a">Refractory Materials A Series Of Monographs</subfield><subfield code="v">Vol.6-i</subfield></datafield><datafield ind1=" " ind2=" " tag="852"><subfield code="a">35411</subfield><subfield code="c">666.1:666.3</subfield></datafield><datafield ind1=" " ind2=" " tag="CAT"><subfield code="a">Sys</subfield><subfield code="c">20140318</subfield><subfield code="h">174424</subfield></datafield></record></collection>